@ARTICLE{2011MNRAS.411L..26M,
       author = {{Masada}, Youhei},
        title = "{Impact of magnetohydrodynamic turbulence on thermal wind balance in the Sun}",
      journal = {Monthly Notices of the Royal Astronomical Society},
     keywords = {instabilities, MHD, Sun: rotation, stars: individual: Sun, Astrophysics - Solar and Stellar Astrophysics},
         year = "2011",
        month = "Feb",
       volume = {411},
       number = {1},
        pages = {L26-L30},
          doi = {10.1111/j.1745-3933.2010.00987.x},
archivePrefix = {arXiv},
       eprint = {1011.2681},
 primaryClass = {astro-ph.SR},
       adsurl = {https://ui.adsabs.harvard.edu/abs/2011MNRAS.411L..26M},
      adsnote = {Provided by the SAO/NASA Astrophysics Data System}
}

@ARTICLE{2007ApJ...667L.207P,
   author = {{Parfrey}, K.~P. and {Menou}, K.},
    title = "{The Origin of Solar Activity in the Tachocline}",
  journal = {\apjl},
archivePrefix = "arXiv",
   eprint = {0708.3675},
 keywords = {Hydrodynamics, Instabilities, Magnetohydrodynamics: MHD, Sun: Activity, Sun: Magnetic Fields, Sun: Rotation},
     year = 2007,
    month = oct,
   volume = 667,
    pages = {L207-L210},
      doi = {10.1086/522426},
   adsurl = {https://ui.adsabs.harvard.edu/abs/2007ApJ...667L.207P},
  adsnote = {Provided by the SAO/NASA Astrophysics Data System}
}

@ARTICLE{2010RSPTA.368.1607J,
       author = {{Julien}, K. and {Knobloch}, E.},
        title = "{Magnetorotational instability: recent developments}",
      journal = {Philosophical Transactions of the Royal Society of London Series A},
         year = "2010",
        month = "Mar",
       volume = {368},
       number = {1916},
        pages = {1607-1633},
          doi = {10.1098/rsta.2009.0251},
       adsurl = {https://ui.adsabs.harvard.edu/abs/2010RSPTA.368.1607J},
      adsnote = {Provided by the SAO/NASA Astrophysics Data System}
}

@ARTICLE{2002JFM...462..365G,
       author = {{Goodman}, Jeremy and {Ji}, Hantao},
        title = "{Magnetorotational instability of dissipative Couette flow}",
      journal = {Journal of Fluid Mechanics},
     keywords = {Astrophysics},
         year = "2002",
        month = "Jul",
       volume = {462},
       number = {1},
        pages = {365-382},
          doi = {10.1017/S0022112002008704},
archivePrefix = {arXiv},
       eprint = {astro-ph/0104206},
 primaryClass = {astro-ph},
       adsurl = {https://ui.adsabs.harvard.edu/abs/2002JFM...462..365G},
      adsnote = {Provided by the SAO/NASA Astrophysics Data System}
}

@ARTICLE{2016MNRAS.462..818B,
       author = {{Bhat}, Pallavi and {Ebrahimi}, Fatima and {Blackman}, Eric G.},
        title = "{Large-scale dynamo action precedes turbulence in shearing box simulations of the magnetorotational instability}",
      journal = {\mnras},
     keywords = {accretion, accretion discs, dynamo, magnetic fields, MHD, turbulence, Astrophysics - High Energy Astrophysical Phenomena, Physics - Plasma Physics},
         year = "2016",
        month = "Oct",
       volume = {462},
       number = {1},
        pages = {818-829},
          doi = {10.1093/mnras/stw1619},
archivePrefix = {arXiv},
       eprint = {1605.02433},
 primaryClass = {astro-ph.HE},
       adsurl = {https://ui.adsabs.harvard.edu/abs/2016MNRAS.462..818B},
      adsnote = {Provided by the SAO/NASA Astrophysics Data System}
}

@ARTICLE{2007PhRvL..98y4502R,
       author = {{Rincon}, F. and {Ogilvie}, G.~I. and {Proctor}, M.~R.~E.},
        title = "{Self-Sustaining Nonlinear Dynamo Process in Keplerian Shear Flows}",
      journal = {\prl},
     keywords = {47.15.Fe, 47.20.Ft, 52.30.Cv, 98.62.Mw, Stability of laminar flows, Instability of shear flows, Magnetohydrodynamics, Infall accretion and accretion disks, Astrophysics, Physics - Fluid Dynamics},
         year = "2007",
        month = "Jun",
       volume = {98},
       number = {25},
          eid = {254502},
        pages = {254502},
          doi = {10.1103/PhysRevLett.98.254502},
archivePrefix = {arXiv},
       eprint = {0705.2814},
 primaryClass = {astro-ph},
       adsurl = {https://ui.adsabs.harvard.edu/abs/2007PhRvL..98y4502R},
      adsnote = {Provided by the SAO/NASA Astrophysics Data System}
}

@ARTICLE{2011ApJ...740...18O,
       author = {{Oishi}, Jeffrey S. and {Mac Low}, Mordecai-Mark},
        title = "{Magnetorotational Turbulence Transports Angular Momentum in Stratified Disks with Low Magnetic Prandtl Number but Magnetic Reynolds Number above a Critical Value}",
      journal = {\apj},
     keywords = {accretion, accretion disks, dynamo, instabilities, magnetohydrodynamics: MHD, Astrophysics - Solar and Stellar Astrophysics},
         year = "2011",
        month = "Oct",
       volume = {740},
       number = {1},
          eid = {18},
        pages = {18},
          doi = {10.1088/0004-637X/740/1/18},
archivePrefix = {arXiv},
       eprint = {1102.5093},
 primaryClass = {astro-ph.SR},
       adsurl = {https://ui.adsabs.harvard.edu/abs/2011ApJ...740...18O},
      adsnote = {Provided by the SAO/NASA Astrophysics Data System}
}

@ARTICLE{1992MNRAS.255P..25K,
       author = {{Knobloch}, E.},
        title = "{On the stability of magnetized accretion discs}",
      journal = {\mnras},
     keywords = {Accretion Disks, Magnetic Field Configurations, Magnetohydrodynamic Stability, Rotating Plasmas, Angular Momentum, Eigenvalues, Shear Flow, Astrophysics},
         year = "1992",
        month = "Apr",
       volume = {255},
        pages = {25P-28P},
          doi = {10.1093/mnras/255.1.25P},
       adsurl = {https://ui.adsabs.harvard.edu/abs/1992MNRAS.255P..25K},
      adsnote = {Provided by the SAO/NASA Astrophysics Data System}
}

@ARTICLE{1994ApJ...432..213G,
       author = {{Goodman}, Jeremy and {Xu}, Guohong},
        title = "{Parasitic Instabilities in Magnetized, Differentially Rotating Disks}",
      journal = {\apj},
     keywords = {Accretion Disks, Astronomical Models, Kelvin-Helmholtz Instability, Magnetohydrodynamic Stability, Mathematical Models, Rotating Fluids, Viscosity, Eigenvectors, Fluid Dynamics, Gas Pressure, Magnetic Fields, Nonlinear Equations, Astrophysics, ACCRETION, ACCRETION DISKS, INSTABILITIES, MAGNETOHYDRODYNAMICS: MHD},
         year = "1994",
        month = "Sep",
       volume = {432},
        pages = {213},
          doi = {10.1086/174562},
       adsurl = {https://ui.adsabs.harvard.edu/abs/1994ApJ...432..213G},
      adsnote = {Provided by the SAO/NASA Astrophysics Data System}
}

@ARTICLE{2018MNRAS.474.3451X,
       author = {{Xie}, Jin-Han and {Julien}, Keith and {Knobloch}, Edgar},
        title = "{Subcritical saturation of the magnetorotational instability through mean magnetic field generation}",
      journal = {\mnras},
     keywords = {accretion, accretion discs, instabilities, MHD},
         year = "2018",
        month = "Mar",
       volume = {474},
       number = {3},
        pages = {3451-3465},
          doi = {10.1093/mnras/stx2977},
       adsurl = {https://ui.adsabs.harvard.edu/abs/2018MNRAS.474.3451X},
      adsnote = {Provided by the SAO/NASA Astrophysics Data System}
}

@ARTICLE{2019ApJS..241...26D,
       author = {{Deng}, Hongping and {Mayer}, Lucio and {Latter}, Henrik and
         {Hopkins}, Philip F. and {Bai}, Xue-Ning},
        title = "{Local Simulations of MRI turbulence with Meshless Methods}",
      journal = {\apjs},
     keywords = {accretion, accretion disks, magnetohydrodynamics: MHD, methods: numerical, turbulence, Astrophysics - Earth and Planetary Astrophysics, Astrophysics - Astrophysics of Galaxies, Physics - Computational Physics, Physics - Fluid Dynamics},
         year = "2019",
        month = "Apr",
       volume = {241},
       number = {2},
          eid = {26},
        pages = {26},
          doi = {10.3847/1538-4365/ab0957},
archivePrefix = {arXiv},
       eprint = {1901.05190},
 primaryClass = {astro-ph.EP},
       adsurl = {https://ui.adsabs.harvard.edu/abs/2019ApJS..241...26D},
      adsnote = {Provided by the SAO/NASA Astrophysics Data System}
}

@ARTICLE{2018ApJ...853..174H,
       author = {{Hirai}, Kenichiro and {Katoh}, Yuto and {Terada}, Naoki and
         {Kawai}, Soshi},
        title = "{Study of the Transition from MRI to Magnetic Turbulence via Parasitic Instability by a High-order MHD Simulation Code}",
      journal = {\apj},
     keywords = {accretion, accretion disks, instabilities, magnetohydrodynamics: MHD, turbulence},
         year = "2018",
        month = "Feb",
       volume = {853},
       number = {2},
          eid = {174},
        pages = {174},
          doi = {10.3847/1538-4357/aaa5b2},
       adsurl = {https://ui.adsabs.harvard.edu/abs/2018ApJ...853..174H},
      adsnote = {Provided by the SAO/NASA Astrophysics Data System}
}

@ARTICLE{2007Natur.448.1022J,
       author = {{Johansen}, Anders and {Oishi}, Jeffrey S. and {Mac Low}, Mordecai-Mark and
         {Klahr}, Hubert and {Henning}, Thomas and {Youdin}, Andrew},
        title = "{Rapid planetesimal formation in turbulent circumstellar disks}",
      journal = {\nat},
     keywords = {Astrophysics},
         year = "2007",
        month = "Aug",
       volume = {448},
       number = {7157},
        pages = {1022-1025},
          doi = {10.1038/nature06086},
archivePrefix = {arXiv},
       eprint = {0708.3890},
 primaryClass = {astro-ph},
       adsurl = {https://ui.adsabs.harvard.edu/abs/2007Natur.448.1022J},
      adsnote = {Provided by the SAO/NASA Astrophysics Data System}
}

@ARTICLE{1998RvMP...70....1B,
       author = {{Balbus}, Steven A. and {Hawley}, John F.},
        title = "{Instability, turbulence, and enhanced transport in accretion disks}",
      journal = {Reviews of Modern Physics},
     keywords = {97.10.Gz, 95.30.Lz, 98.62.Mw, 52.30.-q, 52.35.Ra, 95.30.Qd, Accretion and accretion disks, Hydrodynamics, Infall accretion and accretion disks, Plasma dynamics and flow, Plasma turbulence, Magnetohydrodynamics and plasmas},
         year = "1998",
        month = "Jan",
       volume = {70},
       number = {1},
        pages = {1-53},
          doi = {10.1103/RevModPhys.70.1},
       adsurl = {https://ui.adsabs.harvard.edu/abs/1998RvMP...70....1B},
      adsnote = {Provided by the SAO/NASA Astrophysics Data System}
}

@ARTICLE{1996ApJ...464..690H,
       author = {{Hawley}, John F. and {Gammie}, Charles F. and {Balbus}, Steven A.},
        title = "{Local Three-dimensional Simulations of an Accretion Disk Hydromagnetic Dynamo}",
      journal = {\apj},
     keywords = {ACCRETION, ACCRETION DISKS, HYDRODYNAMICS, MAGNETOHYDRODYNAMICS: MHD, TURBULENCE},
         year = "1996",
        month = "Jun",
       volume = {464},
        pages = {690},
          doi = {10.1086/177356},
       adsurl = {https://ui.adsabs.harvard.edu/abs/1996ApJ...464..690H},
      adsnote = {Provided by the SAO/NASA Astrophysics Data System}
}

@ARTICLE{1996ApJ...463..656S,
       author = {{Stone}, James M. and {Hawley}, John F. and {Gammie}, Charles F. and
         {Balbus}, Steven A.},
        title = "{Three-dimensional Magnetohydrodynamical Simulations of Vertically Stratified Accretion Disks}",
      journal = {\apj},
     keywords = {ACCRETION, ACCRETION DISKS, INSTABILITIES, MAGNETOHYDRODYNAMICS: MHD, METHODS: NUMERICAL},
         year = "1996",
        month = "Jun",
       volume = {463},
        pages = {656},
          doi = {10.1086/177280},
       adsurl = {https://ui.adsabs.harvard.edu/abs/1996ApJ...463..656S},
      adsnote = {Provided by the SAO/NASA Astrophysics Data System}
}

@ARTICLE{1992ApJ...400..610B,
       author = {{Balbus}, Steven A. and {Hawley}, John F.},
        title = "{A Powerful Local Shear Instability in Weakly Magnetized Disks. IV. Nonaxisymmetric Perturbations}",
      journal = {\apj},
     keywords = {ACCRETION, ACCRETION DISKS, INSTABILITIES, MAGNETOHYDRODYNAMICS: MHD},
         year = "1992",
        month = "Dec",
       volume = {400},
        pages = {610-621},
          doi = {10.1086/172022},
       adsurl = {https://ui.adsabs.harvard.edu/abs/1992ApJ...400..610B},
      adsnote = {Provided by the SAO/NASA Astrophysics Data System}
}

@ARTICLE{1992ApJ...400..595H,
       author = {{Hawley}, John F. and {Balbus}, Steven A.},
        title = "{A Powerful Local Shear Instability in Weakly Magnetized Disks. III. Long-Term Evolution in a Shearing Sheet}",
      journal = {\apj},
     keywords = {Accretion Disks, Angular Momentum, Magnetic Field Configurations, Magnetohydrodynamic Stability, Nonlinear Evolution Equations, Computer Animation, Finite Difference Theory, Shear Flow, Astrophysics, ACCRETION, ACCRETION DISKS, INSTABILITIES, MAGNETOHYDRODYNAMICS: MHD},
         year = "1992",
        month = "Dec",
       volume = {400},
        pages = {595},
          doi = {10.1086/172021},
       adsurl = {https://ui.adsabs.harvard.edu/abs/1992ApJ...400..595H},
      adsnote = {Provided by the SAO/NASA Astrophysics Data System}
}

@ARTICLE{1991ApJ...376..223H,
       author = {{Hawley}, John F. and {Balbus}, Steven A.},
        title = "{A Powerful Local Shear Instability in Weakly Magnetized Disks. II. Nonlinear Evolution}",
      journal = {\apj},
     keywords = {HYDROMAGNETICS, INSTABILITIES, STARS: ACCRETION},
         year = "1991",
        month = "Jul",
       volume = {376},
        pages = {223},
          doi = {10.1086/170271},
       adsurl = {https://ui.adsabs.harvard.edu/abs/1991ApJ...376..223H},
      adsnote = {Provided by the SAO/NASA Astrophysics Data System}
}

@ARTICLE{1991ApJ...376..214B,
       author = {{Balbus}, Steven A. and {Hawley}, John F.},
        title = "{A Powerful Local Shear Instability in Weakly Magnetized Disks. I. Linear Analysis}",
      journal = {\apj},
     keywords = {Accretion Disks, Magnetohydrodynamic Stability, Stellar Magnetic Fields, Stellar Mass Accretion, Boussinesq Approximation, Computational Astrophysics, Linear Systems, Astrophysics, ACCRETION, HYDRODYNAMICS, HYDROMAGNETICS, INSTABILITIES},
         year = "1991",
        month = "Jul",
       volume = {376},
        pages = {214},
          doi = {10.1086/170270},
       adsurl = {https://ui.adsabs.harvard.edu/abs/1991ApJ...376..214B},
      adsnote = {Provided by the SAO/NASA Astrophysics Data System}
}

@ARTICLE{1995ApJ...440..742H,
       author = {{Hawley}, John F. and {Gammie}, Charles F. and {Balbus}, Steven A.},
        title = "{Local Three-dimensional Magnetohydrodynamic Simulations of Accretion Disks}",
      journal = {\apj},
     keywords = {ACCRETION, ACCRETION DISKS, INSTABILITIES, MAGNETOHYDRODYNAMICS: MHD},
         year = "1995",
        month = "Feb",
       volume = {440},
        pages = {742},
          doi = {10.1086/175311},
       adsurl = {https://ui.adsabs.harvard.edu/abs/1995ApJ...440..742H},
      adsnote = {Provided by the SAO/NASA Astrophysics Data System}
}

@ARTICLE{2019arXiv190704460B,
       author = {{Besla}, Gurtina and {Huppenkothen}, Daniela and
         {Lloyd-Ronning}, Nicole and {Schneider}, Evan and {Behroozi}, Peter and
         {Burkhart}, Blakesley and {Chan}, C.~K. and {Jacobson}, Seth A. and
         {Morrison}, Sarah and {Nam}, Hai Ah and {Naoz}, Smadar and
         {Peter}, Annika and {Ramirez-Ruiz}, Enrico},
        title = "{Astro2020: Training the Future Generation of Computational Researchers}",
      journal = {arXiv e-prints},
     keywords = {Astrophysics - Instrumentation and Methods for Astrophysics},
         year = "2019",
        month = "Jul",
          eid = {arXiv:1907.04460},
        pages = {arXiv:1907.04460},
archivePrefix = {arXiv},
       eprint = {1907.04460},
 primaryClass = {astro-ph.IM},
       adsurl = {https://ui.adsabs.harvard.edu/abs/2019arXiv190704460B},
      adsnote = {Provided by the SAO/NASA Astrophysics Data System}
}

@misc{ALPHA,
  author = {AAPT},
  title = {ALPhA Laboratory Immersions},
  year = "2019",
  howpublished = {\url{https://www.compadre.org/advlabs/wiki/ALPhA_Laboratory_Immersions}},
  note = {Accessed: 2019-07-15}
}

@misc{Dedalustutorials,
  author = {{Oishi}, J.~S.},
  title = {Dedalus Tutorials},
  year = "2019",
  howpublished = {\url{https://jsoishi.github.io/research/dedalus_tutorials/}},
  note = {Accessed: 2019-07-17}
}

@ARTICLE{1992JFM...238..325G,
       author = {{Germano}, M.},
        title = "{Turbulence - The filtering approach}",
      journal = {Journal of Fluid Mechanics},
     keywords = {Chaos, Eddy Viscosity, Navier-Stokes Equation, Turbulent Flow, Algebra, Computational Fluid Dynamics, Computerized Simulation, Invariance, Fluid Mechanics and Heat Transfer},
         year = "1992",
        month = "May",
       volume = {238},
        pages = {325-336},
          doi = {10.1017/S0022112092001733},
       adsurl = {https://ui.adsabs.harvard.edu/abs/1992JFM...238..325G},
      adsnote = {Provided by the SAO/NASA Astrophysics Data System}
}

@ARTICLE{2005PhR...417....1B,
       author = {{Brandenburg}, Axel and {Subramanian}, Kandaswamy},
        title = "{Astrophysical magnetic fields and nonlinear dynamo theory}",
      journal = {\physrep},
     keywords = {Astrophysics},
         year = "2005",
        month = "Oct",
       volume = {417},
       number = {1-4},
        pages = {1-209},
          doi = {10.1016/j.physrep.2005.06.005},
archivePrefix = {arXiv},
       eprint = {astro-ph/0405052},
 primaryClass = {astro-ph},
       adsurl = {https://ui.adsabs.harvard.edu/abs/2005PhR...417....1B},
      adsnote = {Provided by the SAO/NASA Astrophysics Data System}
}

@ARTICLE{2013OcMod..64...12B,
       author = {{Bachman}, S. and {Fox-Kemper}, B.},
        title = "{Eddy parameterization challenge suite I: Eady spindown}",
      journal = {Ocean Modelling},
         year = "2013",
        month = "Apr",
       volume = {64},
        pages = {12-28},
          doi = {10.1016/j.ocemod.2012.12.003},
       adsurl = {https://ui.adsabs.harvard.edu/abs/2013OcMod..64...12B},
      adsnote = {Provided by the SAO/NASA Astrophysics Data System}
}

@ARTICLE{MRI3D,
author = {{Oishi}, J.~.S and {Vasil}, G.~M. and {Baxter}, M. and {Swan}, A. and {Burns}, K. and {Brown}, B.~P. and {Lecoanet}, D.},
title = "The Three-Dimensional Magnetorotational Instability",
journal = {\prl, submitted},
year = 2019,
month = jul
}

@ARTICLE{2016ApJ...829..115M,
   author = {{Mendon{\c c}a}, J.~M. and {Grimm}, S.~L. and {Grosheintz}, L. and 
	{Heng}, K.},
    title = "{THOR: A New and Flexible Global Circulation Model to Explore Planetary Atmospheres}",
  journal = {\apj},
archivePrefix = "arXiv",
   eprint = {1607.05535},
 primaryClass = "astro-ph.EP",
 keywords = {planets and satellites: atmospheres, planets and satellites: gaseous planets, planets and satellites: individual: hot Jupiters, planets and satellites: terrestrial planets },
     year = 2016,
    month = oct,
   volume = 829,
      eid = {115},
    pages = {115},
      doi = {10.3847/0004-637X/829/2/115},
   adsurl = {http://adsabs.harvard.edu/abs/2016ApJ...829..115M},
  adsnote = {Provided by the SAO/NASA Astrophysics Data System}
}

@ARTICLE{2005BAMS...86.1609H,
       author = {{Held}, Isaac M.},
        title = "{The Gap between Simulation and Understanding in Climate Modeling.}",
      journal = {Bulletin of the American Meteorological Society},
         year = 2005,
        month = Nov,
       volume = {86},
        pages = {1609-1614},
          doi = {10.1175/BAMS-86-11-1609},
       adsurl = {https://ui.adsabs.harvard.edu/#abs/2005BAMS...86.1609H},
      adsnote = {Provided by the SAO/NASA Astrophysics Data System}
}

@misc{kari_l_jordan_2017_1039944,
  author       = {Kari L. Jordan and
                  Ben Marwick and
                  Belinda Weaver and
                  Naupaka Zimmerman and
                  Jason Williams and
                  Tracy Teal and
                  Erin Becker and
                  Jonah Duckles and
                  Beth Duckles and
                  Elizabeth Wickes},
  title        = {{Analysis of the Carpentries' Long-Term Feedback 
                   Survey}},
  month        = oct,
  year         = 2017,
  doi          = {10.5281/zenodo.1039944},
  url          = {https://doi.org/10.5281/zenodo.1039944}
}

@ARTICLE{2018ApJ...854....8B,
   author = {{Bordwell}, B. and {Brown}, B.~P. and {Oishi}, J.~S.},
    title = "{Convective Dynamics and Disequilibrium Chemistry in the Atmospheres of Giant Planets and Brown Dwarfs}",
  journal = {\apj},
archivePrefix = "arXiv",
   eprint = {1802.03026},
 primaryClass = "astro-ph.EP",
 keywords = {brown dwarfs, hydrodynamics, planetary systems, planets and satellites: atmospheres, planets and satellites: composition, methods: numerical },
     year = 2018,
    month = feb,
   volume = 854,
      eid = {8},
    pages = {8},
      doi = {10.3847/1538-4357/aaa551},
   adsurl = {http://adsabs.harvard.edu/abs/2018ApJ...854....8B},
  adsnote = {Provided by the SAO/NASA Astrophysics Data System}
}


@ARTICLE{2018PhRvE..97a2212L,
   author = {{Lecoanet}, D. and {Kerswell}, R.~R.},
    title = "{Connection between nonlinear energy optimization and instantons}",
  journal = {\pre},
archivePrefix = "arXiv",
   eprint = {1804.09265},
 primaryClass = "nlin.PS",
     year = 2018,
    month = jan,
   volume = 97,
   number = 1,
      eid = {012212},
    pages = {012212},
      doi = {10.1103/PhysRevE.97.012212},
   adsurl = {http://adsabs.harvard.edu/abs/2018PhRvE..97a2212L},
  adsnote = {Provided by the SAO/NASA Astrophysics Data System}
}

@ARTICLE{2017ApJ...848...54S,
   author = {{Seligman}, D. and {Laughlin}, G.},
    title = "{A Vorticity-preserving Hydrodynamical Scheme for Modeling Accretion Disk Flows}",
  journal = {\apj},
archivePrefix = "arXiv",
   eprint = {1709.07007},
 primaryClass = "astro-ph.EP",
 keywords = {accretion, accretion disks, hydrodynamics, protoplanetary disks, turbulence},
     year = 2017,
    month = oct,
   volume = 848,
      eid = {54},
    pages = {54},
      doi = {10.3847/1538-4357/aa8e45},
   adsurl = {http://adsabs.harvard.edu/abs/2017ApJ...848...54S},
  adsnote = {Provided by the SAO/NASA Astrophysics Data System}
}


@ARTICLE{2017PhRvF...2i4804C,
   author = {{Couston}, L.-A. and {Lecoanet}, D. and {Favier}, B. and {Le Bars}, M.
	},
    title = "{Dynamics of mixed convective-stably-stratified fluids}",
  journal = {Physical Review Fluids},
archivePrefix = "arXiv",
   eprint = {1709.06454},
 primaryClass = "physics.flu-dyn",
     year = 2017,
    month = sep,
   volume = 2,
   number = 9,
      eid = {094804},
    pages = {094804},
      doi = {10.1103/PhysRevFluids.2.094804},
   adsurl = {http://adsabs.harvard.edu/abs/2017PhRvF...2i4804C},
  adsnote = {Provided by the SAO/NASA Astrophysics Data System}
}

@ARTICLE{2017PhRvF...2h3501A,
   author = {{Anders}, E.~H. and {Brown}, B.~P.},
    title = "{Convective heat transport in stratified atmospheres at low and high Mach number}",
  journal = {Physical Review Fluids},
archivePrefix = "arXiv",
   eprint = {1611.06580},
 primaryClass = "physics.flu-dyn",
     year = 2017,
    month = aug,
   volume = 2,
   number = 8,
      eid = {083501},
    pages = {083501},
      doi = {10.1103/PhysRevFluids.2.083501},
   adsurl = {http://adsabs.harvard.edu/abs/2017PhRvF...2h3501A},
  adsnote = {Provided by the SAO/NASA Astrophysics Data System}
}


@ARTICLE{2017ApJ...841....1C,
   author = {{Clark}, S.~E. and {Oishi}, J.~S.},
    title = "{The Weakly Nonlinear Magnetorotational Instability in a Local Geometry}",
  journal = {\apj},
archivePrefix = "arXiv",
   eprint = {1610.01616},
 primaryClass = "astro-ph.HE",
 keywords = {accretion, accretion disks, instabilities, magnetohydrodynamics: MHD, methods: analytical, plasmas},
     year = 2017,
    month = may,
   volume = 841,
      eid = {1},
    pages = {1},
      doi = {10.3847/1538-4357/aa6ff1},
   adsurl = {http://adsabs.harvard.edu/abs/2017ApJ...841....1C},
  adsnote = {Provided by the SAO/NASA Astrophysics Data System}
}


@ARTICLE{2017ApJ...841....2C,
   author = {{Clark}, S.~E. and {Oishi}, J.~S.},
    title = "{The Weakly Nonlinear Magnetorotational Instability in a Global, Cylindrical Taylor-Couette Flow}",
  journal = {\apj},
archivePrefix = "arXiv",
   eprint = {1610.01603},
 primaryClass = "astro-ph.HE",
 keywords = {accretion, accretion disks, instabilities, magnetic fields, magnetohydrodynamics: MHD, methods: analytical, plasmas},
     year = 2017,
    month = may,
   volume = 841,
      eid = {2},
    pages = {2},
      doi = {10.3847/1538-4357/aa6ff6},
   adsurl = {http://adsabs.harvard.edu/abs/2017ApJ...841....2C},
  adsnote = {Provided by the SAO/NASA Astrophysics Data System}
}

@ARTICLE{2017MNRAS.466.2181L,
   author = {{Lecoanet}, D. and {Vasil}, G.~M. and {Fuller}, J. and {Cantiello}, M. and 
	{Burns}, K.~J.},
    title = "{Conversion of internal gravity waves into magnetic waves}",
  journal = {\mnras},
archivePrefix = "arXiv",
   eprint = {1610.08506},
 primaryClass = "astro-ph.SR",
 keywords = {asteroseismology, scattering, waves, stars: magnetic field},
     year = 2017,
    month = apr,
   volume = 466,
    pages = {2181-2193},
      doi = {10.1093/mnras/stw3273},
   adsurl = {http://adsabs.harvard.edu/abs/2017MNRAS.466.2181L},
  adsnote = {Provided by the SAO/NASA Astrophysics Data System}
}

@ARTICLE{2017JFM...810..412T,
   author = {{Tobias}, S.~M. and {Marston}, J.~B.},
    title = "{Three-dimensional rotating Couette flow via the generalised quasilinear approximation}",
  journal = {Journal of Fluid Mechanics},
archivePrefix = "arXiv",
   eprint = {1605.07410},
 primaryClass = "physics.flu-dyn",
     year = 2017,
    month = jan,
   volume = 810,
    pages = {412-428},
      doi = {10.1017/jfm.2016.727},
   adsurl = {http://adsabs.harvard.edu/abs/2017JFM...810..412T},
  adsnote = {Provided by the SAO/NASA Astrophysics Data System}
}

@ARTICLE{2016ApJ...832...71L,
   author = {{Lecoanet}, D. and {Schwab}, J. and {Quataert}, E. and {Bildsten}, L. and 
	{Timmes}, F.~X. and {Burns}, K.~J. and {Vasil}, G.~M. and {Oishi}, J.~S. and 
	{Brown}, B.~P.},
    title = "{Turbulent Chemical Diffusion in Convectively Bounded Carbon Flames}",
  journal = {\apj},
archivePrefix = "arXiv",
   eprint = {1603.08921},
 primaryClass = "astro-ph.SR",
 keywords = {convection, hydrodynamics, stars: interiors, turbulence},
     year = 2016,
    month = nov,
   volume = 832,
      eid = {71},
    pages = {71},
      doi = {10.3847/0004-637X/832/1/71},
   adsurl = {http://adsabs.harvard.edu/abs/2016ApJ...832...71L},
  adsnote = {Provided by the SAO/NASA Astrophysics Data System}
}

@ARTICLE{2016JCoPh.325...53V,
   author = {{Vasil}, G.~M. and {Burns}, K.~J. and {Lecoanet}, D. and {Olver}, S. and 
	{Brown}, B.~P. and {Oishi}, J.~S.},
    title = "{Tensor calculus in polar coordinates using Jacobi polynomials}",
  journal = {Journal of Computational Physics},
archivePrefix = "arXiv",
   eprint = {1509.07624},
 primaryClass = "math.NA",
 keywords = {Numerical analysis, Partial differential equations, Orthogonal polynomials, Jacobi polynomials, Fluid mechanics, Pipe flow},
     year = 2016,
    month = nov,
   volume = 325,
    pages = {53-73},
      doi = {10.1016/j.jcp.2016.08.013},
   adsurl = {http://adsabs.harvard.edu/abs/2016JCoPh.325...53V},
  adsnote = {Provided by the SAO/NASA Astrophysics Data System}
}

@ARTICLE{2016PhRvE..94e3206D,
   author = {{Davidovits}, S. and {Fisch}, N.~J.},
    title = "{Compressing turbulence and sudden viscous dissipation with compression-dependent ionization state}",
  journal = {\pre},
archivePrefix = "arXiv",
   eprint = {1605.03164},
 primaryClass = "physics.plasm-ph",
     year = 2016,
    month = nov,
   volume = 94,
   number = 5,
      eid = {053206},
    pages = {053206},
      doi = {10.1103/PhysRevE.94.053206},
   adsurl = {http://adsabs.harvard.edu/abs/2016PhRvE..94e3206D},
  adsnote = {Provided by the SAO/NASA Astrophysics Data System}
}

@ARTICLE{2016PhRvL.116j5004D,
   author = {{Davidovits}, S. and {Fisch}, N.~J.},
    title = "{Sudden Viscous Dissipation of Compressing Turbulence}",
  journal = {Physical Review Letters},
archivePrefix = "arXiv",
   eprint = {1510.08164},
 primaryClass = "physics.plasm-ph",
     year = 2016,
    month = mar,
   volume = 116,
   number = 10,
      eid = {105004},
    pages = {105004},
      doi = {10.1103/PhysRevLett.116.105004},
   adsurl = {http://adsabs.harvard.edu/abs/2016PhRvL.116j5004D},
  adsnote = {Provided by the SAO/NASA Astrophysics Data System}
}


@ARTICLE{2016MNRAS.455.4274L,
   author = {{Lecoanet}, D. and {McCourt}, M. and {Quataert}, E. and {Burns}, K.~J. and 
	{Vasil}, G.~M. and {Oishi}, J.~S. and {Brown}, B.~P. and {Stone}, J.~M. and 
	{O'Leary}, R.~M.},
    title = "{A validated non-linear Kelvin-Helmholtz benchmark for numerical hydrodynamics}",
  journal = {\mnras},
archivePrefix = "arXiv",
   eprint = {1509.03630},
 primaryClass = "astro-ph.IM",
 keywords = {hydrodynamics, instabilities, methods: numerical},
     year = 2016,
    month = feb,
   volume = 455,
    pages = {4274-4288},
      doi = {10.1093/mnras/stv2564},
   adsurl = {http://adsabs.harvard.edu/abs/2016MNRAS.455.4274L},
  adsnote = {Provided by the SAO/NASA Astrophysics Data System}
}


@ARTICLE{2015RSPSA.47140699V,
   author = {{Vasil}, G.~M.},
    title = "{On the magnetorotational instability and elastic buckling}",
  journal = {Proceedings of the Royal Society of London Series A},
     year = 2015,
    month = apr,
   volume = 471,
    pages = {20140699-20140699},
      doi = {10.1098/rspa.2014.0699},
   adsurl = {http://adsabs.harvard.edu/abs/2015RSPSA.47140699V},
  adsnote = {Provided by the SAO/NASA Astrophysics Data System}
}

@ARTICLE{2014ApJ...797...94L,
   author = {{Lecoanet}, D. and {Brown}, B.~P. and {Zweibel}, E.~G. and {Burns}, K.~J. and 
	{Oishi}, J.~S. and {Vasil}, G.~M.},
    title = "{Conduction in Low Mach Number Flows. I. Linear and Weakly Nonlinear Regimes}",
  journal = {\apj},
archivePrefix = "arXiv",
   eprint = {1410.5424},
 primaryClass = "astro-ph.SR",
 keywords = {conduction, convection, stars: interiors, waves},
     year = 2014,
    month = dec,
   volume = 797,
      eid = {94},
    pages = {94},
      doi = {10.1088/0004-637X/797/2/94},
   adsurl = {http://adsabs.harvard.edu/abs/2014ApJ...797...94L},
  adsnote = {Provided by the SAO/NASA Astrophysics Data System}
}

@ARTICLE{2018PhRvL.120p4503M,
       author = {{Mickelin}, Oscar and {S{\l}omka}, Jonasz and {Burns}, Keaton J. and
        {Lecoanet}, Daniel and {Vasil}, Geoffrey M. and {Faria}, Luiz M.
        and {Dunkel}, J{\"o}rn},
        title = "{Anomalous Chained Turbulence in Actively Driven Flows on Spheres}",
      journal = {\prl},
         year = 2018,
        month = Apr,
       volume = {120},
          eid = {164503},
        pages = {164503},
          doi = {10.1103/PhysRevLett.120.164503},
archivePrefix = {arXiv},
       eprint = {1710.05525},
       adsurl = {https://ui.adsabs.harvard.edu/#abs/2018PhRvL.120p4503M},
      adsnote = {Provided by the SAO/NASA Astrophysics Data System}
}

@article{PhysRevLett.120.244505,
  title = {Order Out of Chaos: Slowly Reversing Mean Flows Emerge from Turbulently Generated Internal Waves},
  author = {{Couston}, Louis-Alexandre and {Lecoanet}, Daniel and {Favier}, Benjamin and {Le Bars}, Michael},
  journal = {\prl},
  volume = {120},
  issue = {24},
  pages = {244505},
  numpages = {6},
  year = {2018},
  month = {Jun},
  publisher = {American Physical Society},
  doi = {10.1103/PhysRevLett.120.244505},
  url = {https://link.aps.org/doi/10.1103/PhysRevLett.120.244505}
}

@ARTICLE{2019arXiv190510388B,
       author = {{Burns}, Keaton J. and {Vasil}, Geoffrey M. and {Oishi}, Jeffrey S. and
         {Lecoanet}, Daniel and {Brown}, Benjamin P.},
        title = "{Dedalus: A Flexible Framework for Numerical Simulations with Spectral Methods}",
      journal = {Physical Review Research, submitted},
     keywords = {Astrophysics - Instrumentation and Methods for Astrophysics, Physics - Computational Physics, Physics - Fluid Dynamics},
         year = "2019",
        month = "May",
          eid = {arXiv:1905.10388},
        pages = {arXiv:1905.10388},
archivePrefix = {arXiv},
       eprint = {1905.10388},
 primaryClass = {astro-ph.IM},
       adsurl = {https://ui.adsabs.harvard.edu/abs/2019arXiv190510388B},
      adsnote = {Provided by the SAO/NASA Astrophysics Data System}
}

@ARTICLE{2019ApJ...872..138A,
       author = {{Anders}, Evan H. and {Manduca}, Cathryn M. and {Brown}, Benjamin P. and
         {Oishi}, Jeffrey S. and {Vasil}, Geoffrey M.},
        title = "{Predicting the Rossby Number in Convective Experiments}",
      journal = {\apj},
     keywords = {convection, dynamo, hydrodynamics, Sun: rotation, turbulence, Astrophysics - Solar and Stellar Astrophysics, Astrophysics - Earth and Planetary Astrophysics, Physics - Fluid Dynamics},
         year = "2019",
        month = "Feb",
       volume = {872},
       number = {2},
          eid = {138},
        pages = {138},
          doi = {10.3847/1538-4357/aaff61},
archivePrefix = {arXiv},
       eprint = {1812.04518},
 primaryClass = {astro-ph.SR},
       adsurl = {https://ui.adsabs.harvard.edu/abs/2019ApJ...872..138A},
      adsnote = {Provided by the SAO/NASA Astrophysics Data System}
}

@ARTICLE{2018RSPSA.47480422T,
       author = {{Tobias}, S.~M. and {Oishi}, J.~S. and {Marston}, J.~B.},
        title = "{Generalized quasilinear approximation of the interaction of convection and mean flows in a thermal annulus}",
      journal = {Proceedings of the Royal Society of London Series A},
     keywords = {Physics - Fluid Dynamics, Astrophysics - Earth and Planetary Astrophysics},
         year = "2018",
        month = "Nov",
       volume = {474},
       number = {2219},
          eid = {20180422},
        pages = {20180422},
          doi = {10.1098/rspa.2018.0422},
archivePrefix = {arXiv},
       eprint = {1809.02523},
 primaryClass = {physics.flu-dyn},
       adsurl = {https://ui.adsabs.harvard.edu/abs/2018RSPSA.47480422T},
      adsnote = {Provided by the SAO/NASA Astrophysics Data System}
}

@ARTICLE{2018PhRvF...3h3502A,
       author = {{Anders}, Evan H. and {Brown}, Benjamin P. and {Oishi}, Jeffrey S.},
        title = "{Accelerated evolution of convective simulations}",
      journal = {Physical Review Fluids},
     keywords = {Physics - Fluid Dynamics, Astrophysics - Solar and Stellar Astrophysics},
         year = "2018",
        month = "Aug",
       volume = {3},
       number = {8},
          eid = {083502},
        pages = {083502},
          doi = {10.1103/PhysRevFluids.3.083502},
archivePrefix = {arXiv},
       eprint = {1807.06687},
 primaryClass = {physics.flu-dyn},
       adsurl = {https://ui.adsabs.harvard.edu/abs/2018PhRvF...3h3502A},
      adsnote = {Provided by the SAO/NASA Astrophysics Data System}
}

@ARTICLE{2018arXiv180410320V,
       author = {{Vasil}, Geoff and {Lecoanet}, Daniel and {Burns}, Keaton and {Oishi},
        Jeff and {Brown}, Ben},
        title = "{Tensor calculus in spherical coordinates using Jacobi polynomials.
        Part-I: Mathematical analysis and derivations}",
      journal = {Journal of Computational Physics, in review},
     keywords = {Mathematics - Numerical Analysis, Astrophysics - Instrumentation and
        Methods for Astrophysics, Mathematics - Classical Analysis and
        ODEs, Physics - Fluid Dynamics},
         year = 2018,
        month = Apr,
          eid = {arXiv:1804.10320},
        pages = {arXiv:1804.10320},
archivePrefix = {arXiv},
       eprint = {1804.10320},
       adsurl = {https://ui.adsabs.harvard.edu/#abs/2018arXiv180410320V},
      adsnote = {Provided by the SAO/NASA Astrophysics Data System}
}

@ARTICLE{2018arXiv180409283L,
       author = {{Lecoanet}, Daniel and {Vasil}, Geoffrey M. and {Burns}, Keaton J. and
        {Brown}, Benjamin P. and {Oishi}, Jeffrey S.},
        title = "{Tensor calculus in spherical coordinates using Jacobi polynomials, Part-
        II: Implementation and Examples}",
      journal = {Journal of Computational Physics, in review},
     keywords = {Astrophysics - Instrumentation and Methods for Astrophysics, Physics -
        Fluid Dynamics, Physics - Geophysics},
         year = 2018,
        month = Apr,
          eid = {arXiv:1804.09283},
        pages = {arXiv:1804.09283},
archivePrefix = {arXiv},
       eprint = {1804.09283},
       adsurl = {https://ui.adsabs.harvard.edu/#abs/2018arXiv180409283L},
      adsnote = {Provided by the SAO/NASA Astrophysics Data System}
}

@ARTICLE{2016ApJ...833L..28Y,
       author = {{Yadav}, Rakesh K. and {Christensen}, Ulrich R. and {Wolk}, Scott J. and
        {Poppenhaeger}, Katja},
        title = "{Magnetic Cycles in a Dynamo Simulation of Fully Convective M-star
        Proxima Centauri}",
      journal = {\apj},
     keywords = {dynamo, methods: numerical, stars: individual: Proxima Cen, stars:
        interiors, stars: low-mass, stars: magnetic field, Astrophysics
        - Solar and Stellar Astrophysics},
         year = 2016,
        month = Dec,
       volume = {833},
          eid = {L28},
        pages = {L28},
          doi = {10.3847/2041-8213/833/2/L28},
       adsurl = {https://ui.adsabs.harvard.edu/#abs/2016ApJ...833L..28Y},
      adsnote = {Provided by the SAO/NASA Astrophysics Data System}
}

@ARTICLE{2015ApJ...813L..31Y,
       author = {{Yadav}, Rakesh K. and {Christensen}, Ulrich R. and {Morin}, Julien and
        {Gastine}, Thomas and {Reiners}, Ansgar and {Poppenhaeger},
        Katja and {Wolk}, Scott J.},
        title = "{Explaining the Coexistence of Large-scale and Small-scale Magnetic
        Fields in Fully Convective Stars}",
      journal = {\apj},
     keywords = {dynamo, methods: numerical, stars: interiors, stars: low-mass, stars:
        magnetic field, Astrophysics - Solar and Stellar Astrophysics,
        Physics - Fluid Dynamics, Physics - Plasma Physics},
         year = 2015,
        month = Nov,
       volume = {813},
          eid = {L31},
        pages = {L31},
          doi = {10.1088/2041-8205/813/2/L31},
       adsurl = {https://ui.adsabs.harvard.edu/#abs/2015ApJ...813L..31Y},
      adsnote = {Provided by the SAO/NASA Astrophysics Data System}
}

@ARTICLE{2008ApJ...676.1262B,
       author = {{Browning}, Matthew K.},
        title = "{Simulations of Dynamo Action in Fully Convective Stars}",
      journal = {\apj},
     keywords = {convection, MHD, stars: low-mass, brown dwarfs, stars: magnetic fields,
        turbulence, Astrophysics},
         year = 2008,
        month = Apr,
       volume = {676},
        pages = {1262-1280},
          doi = {10.1086/527432},
archivePrefix = {arXiv},
       eprint = {0712.1603},
       adsurl = {https://ui.adsabs.harvard.edu/#abs/2008ApJ...676.1262B},
      adsnote = {Provided by the SAO/NASA Astrophysics Data System}
}

@ARTICLE{2017ApJ...834...85N,
       author = {{Newton}, Elisabeth R. and {Irwin}, Jonathan and {Charbonneau}, David
        and {Berlind}, Perry and {Calkins}, Michael L. and {Mink},
        Jessica},
        title = "{The H{\ensuremath{\alpha}} Emission of Nearby M Dwarfs and its Relation
        to Stellar Rotation}",
      journal = {\apj},
     keywords = {stars: activity, stars: low-mass, stars: rotation, Astrophysics - Solar
        and Stellar Astrophysics, Astrophysics - Earth and Planetary
        Astrophysics},
         year = 2017,
        month = Jan,
       volume = {834},
          eid = {85},
        pages = {85},
          doi = {10.3847/1538-4357/834/1/85},
       adsurl = {https://ui.adsabs.harvard.edu/#abs/2017ApJ...834...85N},
      adsnote = {Provided by the SAO/NASA Astrophysics Data System}
}

@ARTICLE{2016ApJ...821L..19N,
       author = {{Newton}, Elisabeth R. and {Irwin}, Jonathan and {Charbonneau}, David
        and {Berta-Thompson}, Zachory K. and {Dittmann}, Jason A.},
        title = "{The Impact of Stellar Rotation on the Detectability of Habitable Planets
        around M Dwarfs}",
      journal = {\apj},
     keywords = {stars: low-mass, stars: rotation, Astrophysics - Earth and Planetary
        Astrophysics, Astrophysics - Solar and Stellar Astrophysics},
         year = 2016,
        month = Apr,
       volume = {821},
          eid = {L19},
        pages = {L19},
          doi = {10.3847/2041-8205/821/1/L19},
       adsurl = {https://ui.adsabs.harvard.edu/#abs/2016ApJ...821L..19N},
      adsnote = {Provided by the SAO/NASA Astrophysics Data System}
}

@ARTICLE{2006ApJ...638..336D,
       author = {{Dobler}, Wolfgang and {Stix}, Michael and {Brandenburg}, Axel},
        title = "{Magnetic Field Generation in Fully Convective Rotating Spheres}",
      journal = {\apj},
     keywords = {Convection, Magnetohydrodynamics: MHD, Stars: Low-Mass, Brown Dwarfs,
        Stars: Magnetic Fields, Stars: Pre-Main-Sequence, Turbulence,
        Astrophysics},
         year = 2006,
        month = Feb,
       volume = {638},
        pages = {336-347},
          doi = {10.1086/498634},
archivePrefix = {arXiv},
       eprint = {astro-ph/0410645},
       adsurl = {https://ui.adsabs.harvard.edu/#abs/2006ApJ...638..336D},
      adsnote = {Provided by the SAO/NASA Astrophysics Data System}
}

@BOOK{1995tlan.book.....F,
   author = {{Frisch}, U.},
    title = "{Turbulence. The legacy of A. N. Kolmogorov.}",
booktitle = {Turbulence.~The legacy of A.~N.~Kolmogorov., by Frisch, U..~ Cambridge University Press, Cambridge (UK), 1995, XIII + 296 p., ISBN 0-521-45103-5, Price {\pound} 45.00.~ISBN 0-521-45713-0.~Price {\pound} 19.95.},
     year = 1995,
     publisher = "Cambridge University Press",
   adsurl = {http://adsabs.harvard.edu/abs/1995tlan.book.....F},
  adsnote = {Provided by the SAO/NASA Astrophysics Data System}
}

@ARTICLE{2018arXiv180108200O,
       author = {{Oishi}, Jeffrey S. and {Brown}, Benjamin P. and {Burns}, Keaton J. and
        {Lecoanet}, Daniel and {Vasil}, Geoffrey M.},
        title = "{Perspectives on Reproducibility and Sustainability of Open-Source
        Scientific Software from Seven Years of the Dedalus Project}",
      journal = {ArXiv e-prints},
     keywords = {Astrophysics - Instrumentation and Methods for Astrophysics, Physics -
        Computational Physics},
         year = 2018,
        month = Jan,
          eid = {arXiv:1801.08200},
        pages = {arXiv:1801.08200},
archivePrefix = {arXiv},
       eprint = {1801.08200},
       adsurl = {https://ui.adsabs.harvard.edu/#abs/2018arXiv180108200O},
      adsnote = {Provided by the SAO/NASA Astrophysics Data System}
}

@ARTICLE{1976Icar...29..255B,
       author = {{Busse}, F.~H.},
        title = "{A Simple Model of Convection in the Jovian Atmosphere}",
      journal = {\icarus},
     keywords = {Atmospheric Circulation, Atmospheric Models, Convective Flow, Jupiter
        Atmosphere, Polar Regions, Astronomical Models, Boussinesq
        Approximation, Eddy Viscosity, Planetary Structure, Rotating
        Fluids, Spherical Shells, Turbulence Effects, Lunar and
        Planetary Exploration},
         year = 1976,
        month = Oct,
       volume = {29},
        pages = {255-260},
          doi = {10.1016/0019-1035(76)90053-1},
       adsurl = {https://ui.adsabs.harvard.edu/#abs/1976Icar...29..255B},
      adsnote = {Provided by the SAO/NASA Astrophysics Data System}
}

@ARTICLE{1993GApFD..68...85B,
       author = {{Brummell}, Nicholas H. and {Hart}, J.~E.},
        title = "{High Rayleigh number $\beta$-convection}",
      journal = {Geophysical and Astrophysical Fluid Dynamics},
     keywords = {Thermal convection, rotating fluids, planetary atmospheres},
         year = 1993,
        month = Jan,
       volume = 68,
        pages = {85-114},
          doi = {10.1080/03091929308203563},
       adsurl = {https://ui.adsabs.harvard.edu/#abs/1993GApFD..68...85B},
      adsnote = {Provided by the SAO/NASA Astrophysics Data System}
}

@ARTICLE{2018AnRFM..50..275G,
       author = {{Garaud}, Pascale},
        title = "{Double-Diffusive Convection at Low Prandtl Number}",
      journal = {Annual Review of Fluid Mechanics},
         year = 2018,
        month = Jan,
       volume = {50},
        pages = {275-298},
          doi = {10.1146/annurev-fluid-122316-045234},
       adsurl = {https://ui.adsabs.harvard.edu/#abs/2018AnRFM..50..275G},
      adsnote = {Provided by the SAO/NASA Astrophysics Data System}
}

@ARTICLE{2017ApJ...834...44M,
       author = {{Moll}, Ryan and {Garaud}, Pascale},
        title = "{The Effect of Rotation on Oscillatory Double-diffusive Convection
        (Semiconvection)}",
      journal = {\apj},
     keywords = {convection, hydrodynamics, planets and satellites: general, stars:
        interiors, Astrophysics - Solar and Stellar Astrophysics,
        Physics - Fluid Dynamics},
         year = 2017,
        month = Jan,
       volume = {834},
          eid = {44},
        pages = {44},
          doi = {10.3847/1538-4357/834/1/44},
       adsurl = {https://ui.adsabs.harvard.edu/#abs/2017ApJ...834...44M},
      adsnote = {Provided by the SAO/NASA Astrophysics Data System}
}

@ARTICLE{2016ApJ...823...33M,
       author = {{Moll}, Ryan and {Garaud}, Pascale and {Stellmach}, Stephan},
        title = "{A New Model for Mixing by Double-diffusive Convection (Semi-convection).
        III. Thermal and Compositional Transport through Non-layered
        ODDC}",
      journal = {\apj},
     keywords = {convection, hydrodynamics, planets and satellites: general, stars:
        interiors, Astrophysics - Solar and Stellar Astrophysics,
        Astrophysics - Earth and Planetary Astrophysics},
         year = 2016,
        month = May,
       volume = {823},
          eid = {33},
        pages = {33},
          doi = {10.3847/0004-637X/823/1/33},
       adsurl = {https://ui.adsabs.harvard.edu/#abs/2016ApJ...823...33M},
      adsnote = {Provided by the SAO/NASA Astrophysics Data System}
}

@ARTICLE{2015ApJ...815...42G,
       author = {{Garaud}, Pascale and {Brummell}, Nicholas},
        title = "{2D or Not 2D: The Effect of Dimensionality on the Dynamics of Fingering
        Convection at Low Prandtl Number}",
      journal = {\apj},
     keywords = {hydrodynamics, instabilities, stars: evolution, stars: interiors,
        Astrophysics - Solar and Stellar Astrophysics, Physics - Fluid
        Dynamics},
         year = 2015,
        month = Dec,
       volume = {815},
          eid = {42},
        pages = {42},
          doi = {10.1088/0004-637X/815/1/42},
       adsurl = {https://ui.adsabs.harvard.edu/#abs/2015ApJ...815...42G},
      adsnote = {Provided by the SAO/NASA Astrophysics Data System}
}

@ARTICLE{2015ApJ...808...89G,
       author = {{Garaud}, P. and {Medrano}, M. and {Brown}, J.~M. and {Mankovich}, C.
        and {Moore}, K.},
        title = "{Excitation of Gravity Waves by Fingering Convection, and the Formation
        of Compositional Staircases in Stellar Interiors}",
      journal = {\apj},
     keywords = {convection, hydrodynamics, instabilities, stars: interiors, waves, white
        dwarfs, Astrophysics - Solar and Stellar Astrophysics},
         year = 2015,
        month = Jul,
       volume = {808},
          eid = {89},
        pages = {89},
          doi = {10.1088/0004-637X/808/1/89},
       adsurl = {https://ui.adsabs.harvard.edu/#abs/2015ApJ...808...89G},
      adsnote = {Provided by the SAO/NASA Astrophysics Data System}
}

@ARTICLE{2013ApJ...768..157W,
       author = {{Wood}, T.~S. and {Garaud}, P. and {Stellmach}, S.},
        title = "{A New Model for Mixing by Double-diffusive Convection (Semi-convection).
        II. The Transport of Heat and Composition through Layers}",
      journal = {\apj},
     keywords = {convection, hydrodynamics, planets and satellites: general, stars:
        interiors, Astrophysics - Solar and Stellar Astrophysics,
        Astrophysics - Earth and Planetary Astrophysics},
         year = 2013,
        month = May,
       volume = {768},
          eid = {157},
        pages = {157},
          doi = {10.1088/0004-637X/768/2/157},
archivePrefix = {arXiv},
       eprint = {1212.1218},
       adsurl = {https://ui.adsabs.harvard.edu/#abs/2013ApJ...768..157W},
      adsnote = {Provided by the SAO/NASA Astrophysics Data System}
}

@ARTICLE{2013ApJ...768...34B,
       author = {{Brown}, Justin M. and {Garaud}, Pascale and {Stellmach}, Stephan},
        title = "{Chemical Transport and Spontaneous Layer Formation in Fingering
        Convection in Astrophysics}",
      journal = {\apj},
     keywords = {convection, diffusion, hydrodynamics, instabilities, planet-star
        interactions, stars: evolution, Astrophysics - Solar and Stellar
        Astrophysics},
         year = 2013,
        month = May,
       volume = {768},
          eid = {34},
        pages = {34},
          doi = {10.1088/0004-637X/768/1/34},
archivePrefix = {arXiv},
       eprint = {1212.1688},
       adsurl = {https://ui.adsabs.harvard.edu/#abs/2013ApJ...768...34B},
      adsnote = {Provided by the SAO/NASA Astrophysics Data System}
}

@ARTICLE{2012ApJ...750...61M,
       author = {{Mirouh}, G.~M. and {Garaud}, P. and {Stellmach}, S. and {Traxler},
        A.~L. and {Wood}, T.~S.},
        title = "{A New Model for Mixing by Double-diffusive Convection (Semi-convection).
        I. The Conditions for Layer Formation}",
      journal = {\apj},
     keywords = {convection, hydrodynamics, planets and satellites: general, stars:
        interiors, Astrophysics - Solar and Stellar Astrophysics,
        Astrophysics - Earth and Planetary Astrophysics},
         year = 2012,
        month = May,
       volume = {750},
          eid = {61},
        pages = {61},
          doi = {10.1088/0004-637X/750/1/61},
archivePrefix = {arXiv},
       eprint = {1112.4819},
       adsurl = {https://ui.adsabs.harvard.edu/#abs/2012ApJ...750...61M},
      adsnote = {Provided by the SAO/NASA Astrophysics Data System}
}

@ARTICLE{2011JFM...677..554S,
       author = {{Stellmach}, S. and {Traxler}, A. and {Garaud}, P. and {Brummell}, N.
        and {Radko}, T.},
        title = "{Dynamics of fingering convection. Part 2 The formation of thermohaline
        staircases}",
      journal = {Journal of Fluid Mechanics},
         year = 2011,
        month = Jun,
       volume = {677},
        pages = {554-571},
          doi = {10.1017/jfm.2011.99},
archivePrefix = {arXiv},
       eprint = {1008.1808},
       adsurl = {https://ui.adsabs.harvard.edu/#abs/2011JFM...677..554S},
      adsnote = {Provided by the SAO/NASA Astrophysics Data System}
}

@ARTICLE{2011JFM...677..530T,
       author = {{Traxler}, A. and {Stellmach}, S. and {Garaud}, P. and {Radko}, T. and
        {Brummell}, N.},
        title = "{Dynamics of fingering convection. Part 1 Small-scale fluxes and large-
        scale instabilities}",
      journal = {Journal of Fluid Mechanics},
         year = 2011,
        month = Jun,
       volume = {677},
        pages = {530-553},
          doi = {10.1017/jfm.2011.98},
archivePrefix = {arXiv},
       eprint = {1008.1807},
       adsurl = {https://ui.adsabs.harvard.edu/#abs/2011JFM...677..530T},
      adsnote = {Provided by the SAO/NASA Astrophysics Data System}
}

@ARTICLE{2011ApJ...731...66R,
       author = {{Rosenblum}, E. and {Garaud}, P. and {Traxler}, A. and {Stellmach}, S.},
        title = "{Turbulent Mixing and Layer Formation in Double-diffusive Convection:
        Three-dimensional Numerical Simulations and Theory}",
      journal = {\apj},
     keywords = {convection, hydrodynamics, planets and satellites: general, stars:
        interiors, Astrophysics - Solar and Stellar Astrophysics},
         year = 2011,
        month = Apr,
       volume = {731},
          eid = {66},
        pages = {66},
          doi = {10.1088/0004-637X/731/1/66},
archivePrefix = {arXiv},
       eprint = {1012.0617},
       adsurl = {https://ui.adsabs.harvard.edu/#abs/2011ApJ...731...66R},
      adsnote = {Provided by the SAO/NASA Astrophysics Data System}
}

@ARTICLE{2011ApJ...728L..29T,
       author = {{Traxler}, A. and {Garaud}, P. and {Stellmach}, S.},
        title = "{Numerically Determined Transport Laws for Fingering (''Thermohaline'')
        Convection in Astrophysics}",
      journal = {\apj},
     keywords = {hydrodynamics, instabilities, turbulence, Astrophysics - Solar and
        Stellar Astrophysics},
         year = 2011,
        month = Feb,
       volume = {728},
          eid = {L29},
        pages = {L29},
          doi = {10.1088/2041-8205/728/2/L29},
archivePrefix = {arXiv},
       eprint = {1011.3461},
       adsurl = {https://ui.adsabs.harvard.edu/#abs/2011ApJ...728L..29T},
      adsnote = {Provided by the SAO/NASA Astrophysics Data System}
}

@INPROCEEDINGS{2017AGUFMNG21A0144F,
       author = {{Featherstone}, N.~A.},
        title = "{Design Aspects of the Rayleigh Convection Code}",
     keywords = {3379 Turbulence, ATMOSPHERIC PROCESSES, 4455 Nonlinear waves, shock
        waves, solitons, NONLINEAR GEOPHYSICS, 4544 Internal and
        inertial waves, OCEANOGRAPHY: PHYSICAL, 7526 Magnetic
        reconnection, SOLAR PHYSICS, ASTROPHYSICS, AND ASTRONOMY},
    booktitle = {AGU Fall Meeting Abstracts},
         year = 2017,
       volume = {2017},
        month = Dec,
          eid = {NG21A-0144},
        pages = {NG21A-0144},
       adsurl = {https://ui.adsabs.harvard.edu/#abs/2017AGUFMNG21A0144F},
      adsnote = {Provided by the SAO/NASA Astrophysics Data System}
}

@INPROCEEDINGS{2014AGUFMDI14A..06F,
       author = {{Featherstone}, N.~A.},
        title = "{An Open-Source, Pseudo-Spectral Convection Code for $O(10^5)$
        Cores}",
     keywords = {1015 Composition of the core, 1507 Core processes, 3924 High-pressure
        behavior, 7207 Core},
    booktitle = {AGU Fall Meeting Abstracts},
         year = 2014,
        month = Dec,
          eid = {DI14A},
        pages = {DI14A},
       adsurl = {https://ui.adsabs.harvard.edu/#abs/2014AGUFMDI14A..06F},
      adsnote = {Provided by the SAO/NASA Astrophysics Data System}
}

@ARTICLE{1960Tell...12..172S,
       author = {{Stern}, M.~E.},
        title = "{The salt-fountain and thermohaline convection}",
      journal = {Tellus},
         year = 1960,
        month = May,
       volume = {12},
        pages = {172},
       adsurl = {https://ui.adsabs.harvard.edu/#abs/1960Tell...12..172S},
      adsnote = {Provided by the SAO/NASA Astrophysics Data System}
}

@ARTICLE{2015ApJ...799...85W,
       author = {{Wheeler}, J. Craig and {Kagan}, Daniel and {Chatzopoulos}, Emmanouil},
        title = "{The Role of the Magnetorotational Instability in Massive Stars}",
      journal = {\apj},
     keywords = {instabilities, magnetohydrodynamics: MHD, stars: magnetic fields, stars:
        neutron, stars: rotation, supernovae: general, Astrophysics -
        Solar and Stellar Astrophysics},
         year = 2015,
        month = Jan,
       volume = {799},
          eid = {85},
        pages = {85},
          doi = {10.1088/0004-637X/799/1/85},
archivePrefix = {arXiv},
       eprint = {1411.5714},
       adsurl = {https://ui.adsabs.harvard.edu/#abs/2015ApJ...799...85W},
      adsnote = {Provided by the SAO/NASA Astrophysics Data System}
}

@ARTICLE{2010ApJ...723..563D,
       author = {{Denissenkov}, Pavel A.},
        title = "{Numerical Simulations of Thermohaline Convection: Implications for
        Extra-mixing in Low-mass RGB Stars}",
      journal = {\apj},
     keywords = {stars: abundances, stars: evolution, stars: interiors, Astrophysics -
        Solar and Stellar Astrophysics},
         year = 2010,
        month = Nov,
       volume = {723},
        pages = {563-579},
          doi = {10.1088/0004-637X/723/1/563},
archivePrefix = {arXiv},
       eprint = {1006.5481},
       adsurl = {https://ui.adsabs.harvard.edu/#abs/2010ApJ...723..563D},
      adsnote = {Provided by the SAO/NASA Astrophysics Data System}
}

@ARTICLE{2016ApJ...832..113M,
       author = {{Mankovich}, Christopher and {Fortney}, Jonathan J. and {Moore}, Kevin
        L.},
        title = "{Bayesian Evolution Models for Jupiter with Helium Rain and Double-
        diffusive Convection}",
      journal = {\apj},
     keywords = {methods: statistical, planets and satellites: individual: Jupiter,
        planets and satellites: interiors, planets and satellites:
        physical evolution, Astrophysics - Earth and Planetary
        Astrophysics},
         year = 2016,
        month = Dec,
       volume = {832},
          eid = {113},
        pages = {113},
          doi = {10.3847/0004-637X/832/2/113},
       adsurl = {https://ui.adsabs.harvard.edu/#abs/2016ApJ...832..113M},
      adsnote = {Provided by the SAO/NASA Astrophysics Data System}
}

@ARTICLE{2017A&A...598A..98L,
       author = {{Leconte}, J{\'e}r{\'e}my and {Selsis}, Franck and {Hersant}, Franck and
        {Guillot}, Tristan},
        title = "{Condensation-inhibited convection in hydrogen-rich atmospheres .
        Stability against double-diffusive processes and thermal
        profiles for Jupiter, Saturn, Uranus, and Neptune}",
      journal = {\aap},
     keywords = {planets and satellites: atmospheres, convection, Astrophysics - Earth
        and Planetary Astrophysics, Astrophysics - Solar and Stellar
        Astrophysics},
         year = 2017,
        month = Feb,
       volume = {598},
          eid = {A98},
        pages = {A98},
          doi = {10.1051/0004-6361/201629140},
       adsurl = {https://ui.adsabs.harvard.edu/#abs/2017A&A...598A..98L},
      adsnote = {Provided by the SAO/NASA Astrophysics Data System}
}

@ARTICLE{2010JFM...648..509S,
       author = {{Schumacher}, J{\"o}rg and {Pauluis}, Olivier},
        title = "{Buoyancy statistics in moist turbulent Rayleigh-B{\'e}nard convection}",
      journal = {Journal of Fluid Mechanics},
         year = 2010,
        month = Apr,
       volume = {648},
        pages = {509},
          doi = {10.1017/S0022112010000030},
archivePrefix = {arXiv},
       eprint = {0912.5195},
       adsurl = {https://ui.adsabs.harvard.edu/#abs/2010JFM...648..509S},
      adsnote = {Provided by the SAO/NASA Astrophysics Data System}
}

@ARTICLE{1967ApJ...150..571G,
       author = {{Goldreich}, Peter and {Schubert}, Gerald},
        title = "{Differential Rotation in Stars}",
      journal = {\apj},
         year = 1967,
        month = Nov,
       volume = {150},
        pages = {571},
          doi = {10.1086/149360},
       adsurl = {https://ui.adsabs.harvard.edu/#abs/1967ApJ...150..571G},
      adsnote = {Provided by the SAO/NASA Astrophysics Data System}
}

@ARTICLE{1968ZA.....68..317F,
       author = {{Fricke}, K.},
        title = "{Instabilit{\"a}t station{\"a}rer Rotation in Sternen}",
      journal = {Zeitschrift fur Astrophysik},
         year = 1968,
        month = Jan,
       volume = {68},
        pages = {317},
       adsurl = {https://ui.adsabs.harvard.edu/#abs/1968ZA.....68..317F},
      adsnote = {Provided by the SAO/NASA Astrophysics Data System}
}

@ARTICLE{1978RSPTA.289..249A,
       author = {{Acheson}, D.~J. and {Gibbons}, M.~P.},
        title = "{On the instability of toroidal magnetic fields and differential rotation
        in stars. With an appendix on the axisymmetric diffusive
        instability of toroidal magnetic fields in a rotating gas.}",
      journal = {Philosophical Transactions of the Royal Society of London Series A},
     keywords = {Differential Rotation:Stars},
         year = 1978,
        month = Jan,
       volume = {289},
        pages = {249-500},
       adsurl = {https://ui.adsabs.harvard.edu/#abs/1978RSPTA.289..249A},
      adsnote = {Provided by the SAO/NASA Astrophysics Data System}
}

@ARTICLE{1991ApJ...381..515K,
       author = {{Korycansky}, D.~G.},
        title = "{Two-dimensional Hydrodynamic Calculations of the Nonlinear Development
        of the Goldreich-Schubert-Fricke Instability in a Rotating
        Annulus}",
      journal = {\apj},
     keywords = {Computational Astrophysics, Hydrodynamics, Planetary Rotation, Stellar
        Rotation, Systems Stability, Angular Momentum, Annuli, Gas Giant
        Planets, Nonlinear Systems, Rotating Matter, Astrophysics,
        HYDRODYNAMICS, INSTABILITIES, STARS: ROTATION},
         year = 1991,
        month = Nov,
       volume = {381},
        pages = {515},
          doi = {10.1086/170675},
       adsurl = {https://ui.adsabs.harvard.edu/#abs/1991ApJ...381..515K},
      adsnote = {Provided by the SAO/NASA Astrophysics Data System}
}

@ARTICLE{2004ApJ...607..564M,
       author = {{Menou}, Kristen and {Balbus}, Steven A. and {Spruit}, Henk C.},
        title = "{Local Axisymmetric Diffusive Stability of Weakly Magnetized,
        Differentially Rotating, Stratified Fluids}",
      journal = {\apj},
     keywords = {Hydrodynamics, Instabilities, Magnetohydrodynamics: MHD, Stars:
        Rotation, Sun: Rotation, Turbulence, Astrophysics},
         year = 2004,
        month = May,
       volume = {607},
        pages = {564-574},
          doi = {10.1086/383463},
archivePrefix = {arXiv},
       eprint = {astro-ph/0402150},
       adsurl = {https://ui.adsabs.harvard.edu/#abs/2004ApJ...607..564M},
      adsnote = {Provided by the SAO/NASA Astrophysics Data System}
}

@ARTICLE{2014ApJ...787...21K,
       author = {{Kagan}, Daniel and {Wheeler}, J. Craig},
        title = "{The Role of the Magnetorotational Instability in the Sun}",
      journal = {\apj},
     keywords = {instabilities, magnetohydrodynamics: MHD, stars: magnetic field, stars:
        rotation, Sun: rotation, Astrophysics - Solar and Stellar
        Astrophysics},
         year = 2014,
        month = May,
       volume = {787},
          eid = {21},
        pages = {21},
          doi = {10.1088/0004-637X/787/1/21},
archivePrefix = {arXiv},
       eprint = {1407.4654},
       adsurl = {https://ui.adsabs.harvard.edu/#abs/2014ApJ...787...21K},
      adsnote = {Provided by the SAO/NASA Astrophysics Data System}
}

@ARTICLE{2014ApJ...788...93C,
       author = {{Cantiello}, Matteo and {Mankovich}, Christopher and {Bildsten}, Lars
        and {Christensen-Dalsgaard}, J{\o}rgen and {Paxton}, Bill},
        title = "{Angular Momentum Transport within Evolved Low-mass Stars}",
      journal = {\apj},
     keywords = {asteroseismology, methods: numerical, stars: evolution, stars:
        interiors, stars: rotation, Astrophysics - Solar and Stellar
        Astrophysics},
         year = 2014,
        month = Jun,
       volume = {788},
          eid = {93},
        pages = {93},
          doi = {10.1088/0004-637X/788/1/93},
archivePrefix = {arXiv},
       eprint = {1405.1419},
       adsurl = {https://ui.adsabs.harvard.edu/#abs/2014ApJ...788...93C},
      adsnote = {Provided by the SAO/NASA Astrophysics Data System}
}

@ARTICLE{2009A&A...498..241O,
       author = {{Obergaulinger}, M. and {Cerd{\'a}-Dur{\'a}n}, P. and {M{\"u}ller}, E.
        and {Aloy}, M.~A.},
        title = "{Semi-global simulations of the magneto-rotational instability in core
        collapse supernovae}",
      journal = {\aap},
     keywords = {magnetohydrodynamics (MHD), instabilities, stars: supernovae: general,
        stars: magnetic fields, Astrophysics},
         year = 2009,
        month = Apr,
       volume = {498},
        pages = {241-271},
          doi = {10.1051/0004-6361/200811323},
archivePrefix = {arXiv},
       eprint = {0811.1652},
       adsurl = {https://ui.adsabs.harvard.edu/#abs/2009A&A...498..241O},
      adsnote = {Provided by the SAO/NASA Astrophysics Data System}
}

@ARTICLE{2017PhFl...29k1111T,
       author = {{Tobias}, S.~M. and {Marston}, J.~B.},
        title = "{Direct statistical simulation of jets and vortices in 2D flows}",
      journal = {Physics of Fluids},
         year = 2017,
        month = Nov,
       volume = {29},
          eid = {111111},
        pages = {111111},
          doi = {10.1063/1.5004683},
       adsurl = {https://ui.adsabs.harvard.edu/#abs/2017PhFl...29k1111T},
      adsnote = {Provided by the SAO/NASA Astrophysics Data System}
}

@ARTICLE{2013PhRvL.110j4502T,
       author = {{Tobias}, S.~M. and {Marston}, J.~B.},
        title = "{Direct Statistical Simulation of Out-of-Equilibrium Jets}",
      journal = {\prl},
     keywords = {47.27.wg, 47.27.eb, 92.10.A-, 92.60.Bh, Turbulent jets, Statistical
        theories and models, Circulation and currents, General
        circulation},
         year = 2013,
        month = Mar,
       volume = {110},
          eid = {104502},
        pages = {104502},
          doi = {10.1103/PhysRevLett.110.104502},
archivePrefix = {arXiv},
       eprint = {1209.3862},
       adsurl = {https://ui.adsabs.harvard.edu/#abs/2013PhRvL.110j4502T},
      adsnote = {Provided by the SAO/NASA Astrophysics Data System}
}

@ARTICLE{2011ApJ...727..127T,
       author = {{Tobias}, S.~M. and {Dagon}, K. and {Marston}, J.~B.},
        title = "{Astrophysical Fluid Dynamics via Direct Statistical Simulation}",
      journal = {\apj},
     keywords = {magnetic fields, methods: numerical, turbulence, Astrophysics - Solar
        and Stellar Astrophysics, Condensed Matter - Statistical
        Mechanics, Physics - Fluid Dynamics, Physics - Plasma Physics},
         year = 2011,
        month = Feb,
       volume = {727},
          eid = {127},
        pages = {127},
          doi = {10.1088/0004-637X/727/2/127},
archivePrefix = {arXiv},
       eprint = {1009.2684},
       adsurl = {https://ui.adsabs.harvard.edu/#abs/2011ApJ...727..127T},
      adsnote = {Provided by the SAO/NASA Astrophysics Data System}
}

@ARTICLE{2008JAtS...65.1955M,
       author = {{Marston}, J.~B. and {Conover}, E. and {Schneider}, Tapio},
        title = "{Statistics of an Unstable Barotropic Jet from a Cumulant Expansion}",
      journal = {Journal of Atmospheric Sciences},
         year = 2008,
        month = Jan,
       volume = {65},
        pages = {1955},
          doi = {10.1175/2007JAS2510.1},
archivePrefix = {arXiv},
       eprint = {0705.0011},
       adsurl = {https://ui.adsabs.harvard.edu/#abs/2008JAtS...65.1955M},
      adsnote = {Provided by the SAO/NASA Astrophysics Data System}
}

@ARTICLE{2017RSPTA.37560081F,
       author = {{Farrell}, B.~F. and {Gayme}, D.~F. and {Ioannou}, P.~J.},
        title = "{A statistical state dynamics approach to wall turbulence}",
      journal = {Philosophical Transactions of the Royal Society of London Series A},
     keywords = {Physics - Fluid Dynamics},
         year = 2017,
        month = Mar,
       volume = {375},
          eid = {20160081},
        pages = {20160081},
          doi = {10.1098/rsta.2016.0081},
       adsurl = {https://ui.adsabs.harvard.edu/#abs/2017RSPTA.37560081F},
      adsnote = {Provided by the SAO/NASA Astrophysics Data System}
}

@ARTICLE{2016JPlPh..82b5301S,
       author = {{Squire}, J. and {Bhattacharjee}, A.},
        title = "{The magnetic shear-current effect: generation of large-scale magnetic fields by the small-scale dynamo}",
      journal = {Journal of Plasma Physics},
     keywords = {Astrophysics - High Energy Astrophysical Phenomena, Astrophysics - Solar and Stellar Astrophysics, Physics - Fluid Dynamics, Physics - Plasma Physics},
         year = "2016",
        month = "Apr",
       volume = {82},
       number = {2},
          eid = {535820201},
        pages = {535820201},
          doi = {10.1017/S0022377816000258},
archivePrefix = {arXiv},
       eprint = {1512.04511},
 primaryClass = {astro-ph.HE},
       adsurl = {https://ui.adsabs.harvard.edu/abs/2016JPlPh..82b5301S},
      adsnote = {Provided by the SAO/NASA Astrophysics Data System}
}

@ARTICLE{2015PhRvE..92e3101S,
       author = {{Squire}, J. and {Bhattacharjee}, A.},
        title = "{Electromotive force due to magnetohydrodynamic fluctuations in sheared rotating turbulence}",
      journal = {\pre},
     keywords = {52.30.-q, 97.10.Gz, 91.25.Cw, 52.35.Ra, Plasma dynamics and flow, Accretion and accretion disks, Origins and models of the magnetic field, dynamo theories, Plasma turbulence, Astrophysics - High Energy Astrophysical Phenomena, Astrophysics - Solar and Stellar Astrophysics, Physics - Fluid Dynamics, Physics - Plasma Physics},
         year = "2015",
        month = "Nov",
       volume = {92},
       number = {5},
          eid = {053101},
        pages = {053101},
          doi = {10.1103/PhysRevE.92.053101},
archivePrefix = {arXiv},
       eprint = {1508.01566},
 primaryClass = {astro-ph.HE},
       adsurl = {https://ui.adsabs.harvard.edu/abs/2015PhRvE..92e3101S},
      adsnote = {Provided by the SAO/NASA Astrophysics Data System}
}

@ARTICLE{2015ApJ...813...52S,
       author = {{Squire}, J. and {Bhattacharjee}, A.},
        title = "{Coherent Nonhelical Shear Dynamos Driven by Magnetic Fluctuations at Low Reynolds Numbers}",
      journal = {\apj},
     keywords = {accretion, accretion disks, dynamo, magnetic fields, magnetohydrodynamics: MHD, turbulence, Astrophysics - High Energy Astrophysical Phenomena, Astrophysics - Solar and Stellar Astrophysics, Physics - Fluid Dynamics, Physics - Plasma Physics},
         year = "2015",
        month = "Nov",
       volume = {813},
       number = {1},
          eid = {52},
        pages = {52},
          doi = {10.1088/0004-637X/813/1/52},
archivePrefix = {arXiv},
       eprint = {1507.03154},
 primaryClass = {astro-ph.HE},
       adsurl = {https://ui.adsabs.harvard.edu/abs/2015ApJ...813...52S},
      adsnote = {Provided by the SAO/NASA Astrophysics Data System}
}

@ARTICLE{2015PhRvL.115q5003S,
       author = {{Squire}, J. and {Bhattacharjee}, A.},
        title = "{Generation of Large-Scale Magnetic Fields by Small-Scale Dynamo in Shear Flows}",
      journal = {\prl},
     keywords = {47.65.Md, 47.27.eb, 52.30.Cv, 52.35.Ra, Plasma dynamos, Statistical theories and models, Magnetohydrodynamics, Plasma turbulence, Astrophysics - Solar and Stellar Astrophysics, Astrophysics - High Energy Astrophysical Phenomena, Physics - Fluid Dynamics, Physics - Plasma Physics},
         year = "2015",
        month = "Oct",
       volume = {115},
       number = {17},
          eid = {175003},
        pages = {175003},
          doi = {10.1103/PhysRevLett.115.175003},
archivePrefix = {arXiv},
       eprint = {1506.04109},
 primaryClass = {astro-ph.SR},
       adsurl = {https://ui.adsabs.harvard.edu/abs/2015PhRvL.115q5003S},
      adsnote = {Provided by the SAO/NASA Astrophysics Data System}
}

@ARTICLE{2015PhRvL.114h5002S,
       author = {{Squire}, J. and {Bhattacharjee}, A.},
        title = "{Statistical Simulation of the Magnetorotational Dynamo}",
      journal = {\prl},
     keywords = {52.30.Cv, 47.20.Ft, 47.27.eb, 98.62.Mw, Magnetohydrodynamics, Instability of shear flows, Statistical theories and models, Infall accretion and accretion disks, Astrophysics - High Energy Astrophysical Phenomena, Physics - Fluid Dynamics, Physics - Plasma Physics},
         year = "2015",
        month = "Feb",
       volume = {114},
       number = {8},
          eid = {085002},
        pages = {085002},
          doi = {10.1103/PhysRevLett.114.085002},
archivePrefix = {arXiv},
       eprint = {1408.6793},
 primaryClass = {astro-ph.HE},
       adsurl = {https://ui.adsabs.harvard.edu/abs/2015PhRvL.114h5002S},
      adsnote = {Provided by the SAO/NASA Astrophysics Data System}
}

@ARTICLE{2014ApJ...797...67S,
       author = {{Squire}, J. and {Bhattacharjee}, A.},
        title = "{Magnetorotational Instability: Nonmodal Growth and the Relationship of Global Modes to the Shearing Box}",
      journal = {\apj},
     keywords = {accretion, accretion disks, magnetic fields, magnetohydrodynamics: MHD, Astrophysics - High Energy Astrophysical Phenomena, Astrophysics - Solar and Stellar Astrophysics, Physics - Fluid Dynamics, Physics - Plasma Physics},
         year = "2014",
        month = "Dec",
       volume = {797},
       number = {1},
          eid = {67},
        pages = {67},
          doi = {10.1088/0004-637X/797/1/67},
archivePrefix = {arXiv},
       eprint = {1407.4742},
 primaryClass = {astro-ph.HE},
       adsurl = {https://ui.adsabs.harvard.edu/abs/2014ApJ...797...67S},
      adsnote = {Provided by the SAO/NASA Astrophysics Data System}
}

@ARTICLE{2014PhRvL.113b5006S,
       author = {{Squire}, J. and {Bhattacharjee}, A.},
        title = "{Nonmodal Growth of the Magnetorotational Instability}",
      journal = {\prl},
     keywords = {52.30.Cv, 47.20.Ft, 97.10.Gz, Magnetohydrodynamics, Instability of shear flows, Accretion and accretion disks, Physics - Plasma Physics, Astrophysics - High Energy Astrophysical Phenomena},
         year = "2014",
        month = "Jul",
       volume = {113},
       number = {2},
          eid = {025006},
        pages = {025006},
          doi = {10.1103/PhysRevLett.113.025006},
archivePrefix = {arXiv},
       eprint = {1406.6582},
 primaryClass = {physics.plasm-ph},
       adsurl = {https://ui.adsabs.harvard.edu/abs/2014PhRvL.113b5006S},
      adsnote = {Provided by the SAO/NASA Astrophysics Data System}
}

@ARTICLE{2015ApJS..220...15P,
       author = {{Paxton}, Bill and {Marchant}, Pablo and {Schwab}, Josiah and {Bauer},
        Evan B. and {Bildsten}, Lars and {Cantiello}, Matteo and
        {Dessart}, Luc and {Farmer}, R. and {Hu}, H. and {Langer}, N.
        and {Townsend}, R.~H.~D. and {Townsley}, Dean M. and {Timmes},
        F.~X.},
        title = "{Modules for Experiments in Stellar Astrophysics (MESA): Binaries,
        Pulsations, and Explosions}",
      journal = {The Astrophysical Journal Supplement Series},
     keywords = {binaries: general, methods: numerical, nuclear reactions,
        nucleosynthesis, abundances, shock waves, stars: evolution,
        stars: oscillations, Astrophysics - Solar and Stellar
        Astrophysics},
         year = 2015,
        month = Sep,
       volume = {220},
          eid = {15},
        pages = {15},
          doi = {10.1088/0067-0049/220/1/15},
       adsurl = {https://ui.adsabs.harvard.edu/#abs/2015ApJS..220...15P},
      adsnote = {Provided by the SAO/NASA Astrophysics Data System}
}

@ARTICLE{2018ApJS..234...34P,
       author = {{Paxton}, Bill and {Schwab}, Josiah and {Bauer}, Evan B. and {Bildsten},
        Lars and {Blinnikov}, Sergei and {Duffell}, Paul and {Farmer},
        R. and {Goldberg}, Jared A. and {Marchant}, Pablo and
        {Sorokina}, Elena and {Thoul}, Anne and {Townsend}, Richard
        H.~D. and {Timmes}, F.~X.},
        title = "{Modules for Experiments in Stellar Astrophysics (MESA): Convective
        Boundaries, Element Diffusion, and Massive Star Explosions}",
      journal = {The Astrophysical Journal Supplement Series},
     keywords = {convection, diffusion, hydrodynamics, methods: numerical, stars:
        evolution, supernovae: general, Astrophysics - Solar and Stellar
        Astrophysics, Astrophysics - High Energy Astrophysical Phenomena},
         year = 2018,
        month = Feb,
       volume = {234},
          eid = {34},
        pages = {34},
          doi = {10.3847/1538-4365/aaa5a8},
       adsurl = {https://ui.adsabs.harvard.edu/#abs/2018ApJS..234...34P},
      adsnote = {Provided by the SAO/NASA Astrophysics Data System}
}

@ARTICLE{2013ApJS..208....4P,
       author = {{Paxton}, Bill and {Cantiello}, Matteo and {Arras}, Phil and {Bildsten},
        Lars and {Brown}, Edward F. and {Dotter}, Aaron and {Mankovich},
        Christopher and {Montgomery}, M.~H. and {Stello}, Dennis and
        {Timmes}, F.~X. and {Townsend}, Richard},
        title = "{Modules for Experiments in Stellar Astrophysics (MESA): Planets,
        Oscillations, Rotation, and Massive Stars}",
      journal = {The Astrophysical Journal Supplement Series},
     keywords = {asteroseismology, methods: numerical, planets and satellites: physical
        evolution, stars: evolution, stars: massive, stars: rotation,
        Astrophysics - Solar and Stellar Astrophysics, Astrophysics -
        Instrumentation and Methods for Astrophysics},
         year = 2013,
        month = Sep,
       volume = {208},
          eid = {4},
        pages = {4},
          doi = {10.1088/0067-0049/208/1/4},
archivePrefix = {arXiv},
       eprint = {1301.0319},
       adsurl = {https://ui.adsabs.harvard.edu/#abs/2013ApJS..208....4P},
      adsnote = {Provided by the SAO/NASA Astrophysics Data System}
}

@ARTICLE{2011ApJS..192....3P,
       author = {{Paxton}, Bill and {Bildsten}, Lars and {Dotter}, Aaron and {Herwig},
        Falk and {Lesaffre}, Pierre and {Timmes}, Frank},
        title = "{Modules for Experiments in Stellar Astrophysics (MESA)}",
      journal = {The Astrophysical Journal Supplement Series},
     keywords = {methods: numerical, stars: evolution, stars: general, Astrophysics -
        Solar and Stellar Astrophysics, Astrophysics - Instrumentation
        and Methods for Astrophysics},
         year = 2011,
        month = Jan,
       volume = {192},
          eid = {3},
        pages = {3},
          doi = {10.1088/0067-0049/192/1/3},
archivePrefix = {arXiv},
       eprint = {1009.1622},
       adsurl = {https://ui.adsabs.harvard.edu/#abs/2011ApJS..192....3P},
      adsnote = {Provided by the SAO/NASA Astrophysics Data System}
}

@ARTICLE{2009ApJ...693.1645G,
       author = {{Goodman}, J.},
        title = "{Thermodynamics of Atmospheric Circulation on Hot Jupiters}",
      journal = {\apj},
     keywords = {binaries: close, hydrodynamics, planetary systems, stars: oscillations,
        stars: rotation, waves, Astrophysics},
         year = 2009,
        month = Mar,
       volume = {693},
        pages = {1645-1649},
          doi = {10.1088/0004-637X/693/2/1645},
archivePrefix = {arXiv},
       eprint = {0810.1282},
       adsurl = {https://ui.adsabs.harvard.edu/#abs/2009ApJ...693.1645G},
      adsnote = {Provided by the SAO/NASA Astrophysics Data System}
}

@article{ericsson1993role,
  title={The role of deliberate practice in the acquisition of expert performance.},
  author={Ericsson, K Anders and Krampe, Ralf T and Tesch-R{\"o}mer, Clemens},
  journal={Psychological review},
  volume={100},
  number={3},
  pages={363},
  year={1993},
  publisher={American Psychological Association}
}

@ARTICLE{2015PRPER..11b0108J,
       author = {{Jones}, David J. and {Madison}, Kirk W. and {Wieman}, Carl E.},
        title = "{Transforming a fourth year modern optics course using a deliberate
        practice framework}",
      journal = {Physical Review Physics Education Research},
     keywords = {01.40.Ha, 01.40.gb, Learning theory and science teaching, Teaching
        methods and strategies},
         year = 2015,
        month = Dec,
       volume = {11},
          eid = {020108},
        pages = {020108},
          doi = {10.1103/PhysRevSTPER.11.020108},
       adsurl = {https://ui.adsabs.harvard.edu/#abs/2015PRPER..11b0108J},
      adsnote = {Provided by the SAO/NASA Astrophysics Data System}
}

@ARTICLE{2017JRScT..54..169C,
       author = {{Carpi}, Anthony and {Ronan}, Darcy M. and {Falconer}, Heather M. and
        {Lents}, Nathan H.},
        title = "{Cultivating minority scientists: Undergraduate research increases self-
        efficacy and career ambitions for underrepresented students in
        STEM}",
      journal = {Journal of Research in Science Teaching},
         year = 2017,
        month = Feb,
       volume = {54},
        pages = {169-194},
          doi = {10.1002/tea.21341},
       adsurl = {https://ui.adsabs.harvard.edu/#abs/2017JRScT..54..169C},
      adsnote = {Provided by the SAO/NASA Astrophysics Data System}
}

@InProceedings{10.1007/11915355_15,
author="Futschek, Gerald",
editor="Mittermeir, Roland T.",
title="Algorithmic Thinking: The Key for Understanding Computer Science",
booktitle="Informatics Education -- The Bridge between Using and Understanding Computers",
year="2006",
publisher="Springer Berlin Heidelberg",
address="Berlin, Heidelberg",
pages="159--168",
abstract="We show that algorithmic thinking is a key ability in informatics that can be developed independently from learning programming. For this purpose we use problems that are not easy to solve but have an easily understandable problem definition. A proper visualization of these problems can help to understand the basic concepts connected with algorithms: correctness, termination, efficiency, determinism, parallelism, etc. The presented examples were used by the author in a pre-university course, they may also be used in secondary schools to help understanding some concepts of computer science.",
isbn="978-3-540-48227-7"
}

@ARTICLE{2017AmJPh..85..223J,
       author = {{Jang}, Hyewon and {Lasry}, Nathaniel and {Miller}, Kelly and {Mazur},
        Eric},
        title = "{Collaborative exams: Cheating? Or learning?}",
      journal = {American Journal of Physics},
         year = 2017,
        month = Mar,
       volume = {85},
        pages = {223-227},
          doi = {10.1119/1.4974744},
       adsurl = {https://ui.adsabs.harvard.edu/#abs/2017AmJPh..85..223J},
      adsnote = {Provided by the SAO/NASA Astrophysics Data System}
}

@ARTICLE{2016MNRAS.460..338C,
       author = {{Caleo}, Andrea and {Balbus}, Steven A. and {Tognelli}, Emanuele},
        title = "{The Goldreich-Schubert-Fricke instability in stellar radiative zones}",
      journal = {\mnras},
     keywords = {hydrodynamics, instabilities, Sun: interior, Sun: rotation, stars:
        interior, stars: rotation, Astrophysics - Solar and Stellar
        Astrophysics},
         year = 2016,
        month = Jul,
       volume = {460},
        pages = {338-344},
          doi = {10.1093/mnras/stw1002},
       adsurl = {https://ui.adsabs.harvard.edu/#abs/2016MNRAS.460..338C},
      adsnote = {Provided by the SAO/NASA Astrophysics Data System}
}

